@ARTICLE {mengesonnentag:2018,
    author  = "Menge-Sonnentag, Rainald",
    title   = "Kein Wunder",
    journal = "iX Developer 2018 - Machine Learning",
    year    = "2018",
    pages   = "3"
}

@ONLINE{logsynth,
	author = {Dunning, Ted},
	title = {log-synth},
	url = {https://github.com/tdunning/log-synth},
	year = {2013}
}

@ONLINE{synthosndatagenerator,
	author = {David F. Nettleton},
	title = {SynthOSNdataGenerator},
	url = {https://github.com/dnettlet/SynthOSNdataGenerator},
	year = {2018}
}

@article{scikit-learn:paper,
	title={Scikit-learn: Machine Learning in {P}ython},
	author={Pedregosa, F. and Varoquaux, G. and Gramfort, A. and Michel, V.
			and Thirion, B. and Grisel, O. and Blondel, M. and Prettenhofer, P.
			and Weiss, R. and Dubourg, V. and Vanderplas, J. and Passos, A. and
			Cournapeau, D. and Brucher, M. and Perrot, M. and Duchesnay, E.},
	journal={Journal of Machine Learning Research},
	volume={12},
	pages={2825--2830},
	year={2011}
}

@online{scikit-learn:generator,
	title={Dataset loading utilities - scikit-learn 0.21.1 documentation},
	author={scikit-learn},
	url={https://scikit-learn.org/stable/datasets/index.html#generated-datasets},
	note={Stand: 23.05.2019}
}

@article{Kahn:1962,
 author = {Kahn, A. B.},
 title = {Topological Sorting of Large Networks},
 journal = {Commun. ACM},
 issue_date = {Nov. 1962},
 volume = {5},
 number = {11},
 month = nov,
 year = {1962},
 issn = {0001-0782},
 pages = {558--562},
 numpages = {5},
 url = {http://doi.acm.org/10.1145/368996.369025},
 doi = {10.1145/368996.369025},
 acmid = {369025},
 publisher = {ACM},
 address = {New York, NY, USA},
}

@online{googledev:webworkers,
	title={Optimize JavaScript Execution},
	author={Lewis, Paul},
	url={https://developers.google.com/web/fundamentals/performance/rendering/optimize-javascript-execution#reduce_complexity_or_use_web_workers},
	note={Stand: 23.05.2019}
}

@online{mdn:webworkers,
	title={Web Workers API},
	author={Mozilla},
	url={https://developer.mozilla.org/en-US/docs/Web/API/Web_Workers_API},
	note={Stand: 23.05.2019}
}

@online{mdn:json_stringify,
	title={Issue with JSON.stringify() when serializing circular references},
	author={Mozilla},
	url={https://developer.mozilla.org/en-US/docs/Web/JavaScript/Reference/Global_Objects/JSON/stringify#Issue_with_JSON.stringify()_when_serializing_circular_references},
	note={Stand: 23.05.2019}
}

@online{mdn:structured_cloning,
	title={The structured clone algorithm},
	author={Mozilla},
	url={https://developer.mozilla.org/en-US/docs/Web/API/Web_Workers_API/Structured_clone_algorithm},
	note={Stand: 23.05.2019}
}

% Old Stuff

@book{baumgartner:2002,
	title = {E-Learning Praxishandbuch : Auswahl von Lernplattformen; Marktübersicht, Funktionen, Fachbegriffe},
	author = {Baumgartner, Peter and Häfele, Hartmut and Maier-Häfele, Kornelia},
	address = {Innsbruck},
	publisher = {StudienVerl.},
	year = {2002},
	isbn = {3-7065-1771-X}
}

@TechReport{dreyfus:1980,
	author = {Stuard E. Dreyfus and Hubert L. Dreyfus},
	title = {A Five-Stage Model Of The Mental Activities Involved In Directed Skill Acquisition},
	institution = {University of California, Berkley},
	year = {1980},
	url = {http://www.dtic.mil/cgi-bin/GetTRDoc?AD=ADA084551&Location=U2&doc=GetTRDoc.pdf},
}

@Online{fsf:2007,
	author = {{Free Software Foundation}},
	title = {{GNU AFFERO GENERAL PUBLIC LICENSE}},
	url = {http://www.gnu.org/licenses/agpl-3.0.de.html},
	year = {2007}
}

@Unpublished{mustermann:2012,
	author = {Max Mustermann},
	title = {tolles Musterthema},
	year = {2012},
	address = {Musterstadt},
	note = {Studienarbeit}
}